% Engenharia de Sofwtare
@book{pressman2021eg,
  title = {Engenharia de Software: Uma abordagem profissional},
  author = {Pressman, R. S.},
  publisher = {AMGH},
  year = {2021},
  edition = {9},
}

@book{Sommerville2011,
  author = {Sommerville},
  title = {Engenharia de software},
  publisher = {Pearson Prentice Hall},
  location = {São Paulo},
  year = {2011},
  edition = {9}
}

% DSR Design science Research
@article{gregor2013positioning,
  title={Positioning and presenting design science research for maximum impact},
  author={Gregor, Shirley and Hevner, Alan R},
  journal={MIS quarterly},
  pages={337--355},
  year={2013},
  publisher={JSTOR}
}
@article{bax2013design,
  title={Design science: filosofia da pesquisa em ci{\^e}ncia da informa{\c{c}}{\~a}o e tecnologia},
  author={Bax, Marcello Peixoto},
  journal={Ci{\^e}ncia da informa{\c{c}}{\~a}o},
  volume={42},
  number={2},
  year={2013}
}

% Learning objhects
@article{wiley2000connecting,
  title={Connecting learning objects to instructional design theory: A definition, a metaphor, and a taxonomy},
  author={Wiley, David A and others},
  journal={The instructional use of learning objects},
  volume={2830},
  number={435},
  pages={1--35},
  year={2000}
}

% Arqueologia
@book{pedroignacioschmitz_1984_arte,
  author = {Pedro Ignacio Schmitz},
  publisher = {Insituto Anchietano de Pesquisas },
  title = {Arte rupestre no Centro do Brasil},
  year = {1984},
  pages={1--55}
}

@book{funari2024arqueologia,
  title={Arqueologia},
  author={Funari, Pedro Paulo},
  year={2024},
 address = {São Paulo},
  publisher={Editora Contexto}
}


@article{de2015taylorismo,
  title={Taylorismo, fordismo e toyotismo},
  author={de Freitas Ribeiro, Andressa},
  journal={Lutas sociais},
  volume={19},
  number={35},
  pages={65--79},
  year={2015}
}
% UML
@book{Booch2005,
  author    = {Booch, Grady and Rumbaugh, James and Jacobson, Ivar},
  title     = {The Unified Modeling Language User Guide},
  edition   = {2nd},
  publisher = {Addison-Wesley},
  year      = {2005},
  address   = {Boston, MA},
}

@book{Fowler2005,
  author    = {Fowler, Martin},
  title     = {UML Essencial: Um Breve Guia para a Linguagem-Padrão de Modelagem de Objetos},
  edition   = {3},
  publisher = {Bookman},
  year      = {2005},
  address   = {Porto Alegre},
}

@book{Larman2000,
  author    = {Larman, Craig},
  title     = {Utilizando UML e padrões},
  publisher = {Bookman},
  year      = {2000},
  address   = {Porto Alegre},
}

@book{Wazlawick2004,
  author    = {Wazlawick, Raul Sidnei},
  title     = {Análise e Projeto de Sistemas de Informação Orientado a Objetos},
  publisher = {Elsevier},
  year      = {2004},
  address   = {Rio de Janeiro},
}

@book{Booch2006,
  author    = {Booch, Grady and Rumbaugh, James and Jacobson, Ivar},
  title     = {UML Guia do Usuário},
  publisher = {Câmpus},
  year      = {2006},
  address   = {Rio de Janeiro},
}
% UX UI E heuutísticas
@book{Norman2013,
  author    = {Norman, Donald A.},
  title     = {Design Emocional: Por que Adoramos (ou Detestamos) os Objetos do Dia a Dia},
  publisher = {Rocco},
  year      = {2013},
  address   = {Rio de Janeiro},
}

@book{Preece2015,
  author    = {Preece, Jennifer and Sharp, Helen and Rogers, Yvonne},
  title     = {Design de Interação: Além da Interação Humano-Computador},
  publisher = {Bookman},
  year      = {2015},
  address   = {Porto Alegre},
}

@article{Nielsen1994,
  author    = {Nielsen, Jakob},
  title     = {Heuristics for User Interface Design},
  journal   = {Nielsen Norman Group},
  year      = {1994},
  url       = {https://www.nngroup.com/articles/ten-usability-heuristics/},
  note      = {Acesso em: 10 out. 2023},
}

@book{Kanisaty2001,
  author    = {Kanisaty, Krzysztof},
  title     = {Designing User Interfaces for Usability},
  publisher = {Springer},
  year      = {2001},
  address   = {New York},
}

@book{Tullis2008,
  author    = {Tullis, Tom and Albert, Bill},
  title     = {Measuring the User Experience: Collecting, Analyzing, and Presenting Usability Metrics},
  publisher = {Morgan Kaufmann},
  year      = {2008},
  address   = {Amsterdam},
}
% Heurio
@misc{Heurio2023,
  author    = {{Heurio}},
  title     = {Heurio: Ferramenta de Análise Heurística para Navegadores},
  year      = {2023},
  url       = {https://www.heur.io/},
  note      = {Acesso em: 10 out. 2023},
}